

@article{Sundermeyer:12,
	author = {Sundermeyer, and Schl√ºter, and Ney},
	year = "2012",
	title = {LSTM neural networks for language modeling.},
	journal = {Thirteenth Annual Conference of the International Speech Communication Association.},
}

@article{Nigam:12,
	author = {Nigam, and Kamal},
	year = "2000",
	title = {Text classification from labeled and unlabeled documents using EM.},
	journal = {Machine Learning.},
}

@inproceedings{mihalcea2004co,
  title={Co-training and self-training for word sense disambiguation},
  author={Mihalcea, Rada},
  booktitle={Proceedings of the Eighth Conference on Computational Natural Language Learning (CoNLL-2004) at HLT-NAACL 2004},
  year={2004}
}

@inproceedings{pennington2014glove,
  title={Glove: Global vectors for word representation},
  author={Pennington, Jeffrey and Socher, Richard and Manning, Christopher},
  booktitle={Proceedings of the 2014 conference on empirical methods in natural language processing (EMNLP)},
  pages={1532--1543},
  
}

@misc{lstm:15,
  title = {Understanding LSTMs},
  author={Christopher Olah},
  howpublished = {https://colah.github.io/posts/2015-08-Understanding-LSTMs/},
  note = {Accessed: 2017-11-29}
  year={2015}
}

@inproceedings{xie2016unsupervised,
  title={Unsupervised deep embedding for clustering analysis},
  author={Xie, Junyuan and Girshick, Ross and Farhadi, Ali},
  booktitle={International Conference on Machine Learning},
  pages={478--487},
  year={2016}
}

@inproceedings{dai2015semi,
  title={Semi-supervised sequence learning},
  author={Dai, Andrew M and Le, Quoc V},
  booktitle={Advances in Neural Information Processing Systems},
  pages={3079--3087},
  year={2015}
}

@article{hochreiter1997long,
  title={Long short-term memory},
  author={Hochreiter, Sepp and Schmidhuber, J{\"u}rgen},
  journal={Neural computation},
  volume={9},
  number={8},
  pages={1735--1780},
  year={1997},
  publisher={MIT Press}
}

@article{dempster1977maximum,
  title={Maximum likelihood from incomplete data via the EM algorithm},
  author={Dempster, Arthur P and Laird, Nan M and Rubin, Donald B},
  journal={Journal of the royal statistical society. Series B (methodological)},
  pages={1--38},
  year={1977},
  publisher={JSTOR}
}